
@article{ipog,
	author = {Yu Lei, Raghu Kacker, D. Richard Kuhn, Vadim Okun, James Lawrence},
	title = {IPOG: A General Strategy for T-Way Software Testing},
}

@article{onorthogonality,
	title={On orthogonality of Latin squares},
	author={Mohan, RN and Lee, Moon Ho and Pokreal, Subash},
	journal={arXiv preprint cs/0604041},
	year={2006}
}

@book{hedayat2012orthogonal,
	title={Orthogonal arrays: theory and applications},
	author={Hedayat, A Samad and Sloane, Neil James Alexander and Stufken, John},
	year={2012},
	publisher={Springer Science \& Business Media}
}

@article{mannconstruction,
	title={On the construction of sets of orthogonal Latin squares},
	author={Mann, HB},
	journal={The Annals of Mathematical Statistics},
	volume={14},
	number={4},
	pages={401--414},
	year={1943},
	publisher={JSTOR}
}

@book{combtheory,
	author = {Hall,Jr., Marshall},
	title = {Combinatorial Theory (2Nd Ed.)},
	year = {1998},
	isbn = {0-471-31518-4},
	publisher = {John Wiley \& Sons, Inc.},
	address = {New York, NY, USA},
} 

@inproceedings{ipo,
	title={In-parameter-order: A test generation strategy for pairwise testing},
	author={Lei, Yu and Tai, Kuo-Chung},
	booktitle={Proceedings Third IEEE International High-Assurance Systems Engineering Symposium (Cat. No. 98EX231)},
	pages={254--261},
	year={1998},
	organization={IEEE}
}

@article{ipogd,
	title={IPOG/IPOG-D: efficient test generation for multi-way combinatorial testing},
	author={Lei, Yu and Kacker, Raghu and Kuhn, D Richard and Okun, Vadim and Lawrence, James},
	journal={Software Testing, Verification and Reliability},
	volume={18},
	number={3},
	pages={125--148},
	year={2008},
	publisher={Wiley Online Library}
}

@article{ipogefficient,
	title={An efficient design and implementation of the in-parameter-order algorithm},
	author={Kleine, Kristoffer and Simos, Dimitris E},
	journal={Mathematics in Computer Science},
	volume={12},
	number={1},
	pages={51--67},
	year={2018},
	publisher={Springer}
}

@Article{ipogbalancevalue,
	author="Gao, Shi-Wei
	and Lv, Jiang-Hua
	and Du, Bing-Lei
	and Colbourn, Charles J.
	and Ma, Shi-Long",
	title="Balancing Frequencies and Fault Detection in the In-Parameter-Order Algorithm",
	journal="Journal of Computer Science and Technology",
	year="2015",
	month="Sep",
	day="01",
	volume="30",
	number="5",
	pages="957--968",
	abstract="The In-Parameter-Order (IPO) algorithm is a widely used strategy for the construction of software test suites for combinatorial testing (CT) whose goal is to reveal faults triggered by interactions among parameters. Variants of IPO have been shown to produce test suites within reasonable amounts of time that are often not much larger than the smallest test suites known. When an entire test suite is executed, all faults that arise from t-way interactions for some fixed t are surely found. However, when tests are executed one at a time, it is desirable to detect a fault as early as possible so that it can be repaired. The basic IPO strategies of horizontal and vertical growth address test suite size, but not the early detection of faults. In this paper, the growth strategies in IPO are modified to attempt to evenly distribute the values of each parameter across the tests. Together with a reordering strategy that we add, this modification to IPO improves the rate of fault detection dramatically (improved by 31{\%} on average). Moreover, our modifications always reduce generation time (2 times faster on average) and in some cases also reduce test suite size.",
	issn="1860-4749",
	doi="10.1007/s11390-015-1574-6",
	url="https://doi.org/10.1007/s11390-015-1574-6"
}

@article{grindaloffutandler,
	auhtor = {Mats Grindal, Jeff Offutt, Sten F. Andler},
	title = {Combination testing strategies:
	a survey}}

@article{managingconflicts,
	author = {Mats Grindal, Jeff Offutt, Jonas Mellin},
	title = {Managing Conflicts when Using Combination Strategies to Test Software}}

@inproceedings{ipog-c,
	title={An efficient algorithm for constraint handling in combinatorial test generation},
	author={Yu, Linbin and Lei, Yu and Nourozborazjany, Mehra and Kacker, Raghu N and Kuhn, D Richard},
	booktitle={2013 IEEE Sixth International Conference on Software Testing, Verification and Validation},
	pages={242--251},
	year={2013},
	organization={IEEE}
}

@book{grindal2006handling,
	title={Handling constraints in the input space when using combination strategies for software testing},
	author={Grindal, Mats and Offutt, Jeff and Mellin, Jonas},
	year={2006},
	publisher={Institutionen f{\"o}r kommunikation och information}
}

@ARTICLE{aetg,
	author={D. M. {Cohen} and S. R. {Dalal} and M. L. {Fredman} and G. C. {Patton}},
	journal={IEEE Transactions on Software Engineering},
	title={The AETG system: an approach to testing based on combinatorial design},
	year={1997},
	volume={23},
	number={7},
	pages={437-444},
	keywords={program testing;software tools;open systems;software cost estimation;AETG system;software testing;combinatorial design;system test parameters;test scenarios;system configuration parameters;user inputs;test set generation;n-way parameter combination;pairwise parameter combination;triple parameter combination;interoperability testing;unit testing;system testing;high-level test plans;System testing;Application software;Telephony;Costs;Computer Society;Design for experiments;Programming;Software testing;Asynchronous transfer mode;Monitoring},
	doi={10.1109/32.605761},
	ISSN={0098-5589},
	month={July},}


}